%% This BibTeX bibliography file was created using BibDesk.
%% http://bibdesk.sourceforge.net/

%% Created for Julian Tiemann at 2017-01-22 12:12:00 +0100 


%% Saved with string encoding Unicode (UTF-8) 



@misc{wiki:wissarbeit,
	Author = {Wikipedia},
	Lastchecked = {2016-07-21},
	Title = {Wissenschaftliche Arbeit},
	Url = {https://de.wikipedia.org/w/index.php?title=Wissenschaftliche\_Arbeit&oldid=156007167},
	Year = {2016},
	Bdsk-Url-1 = {https://de.wikipedia.org/w/index.php?title=Wissenschaftliche%5C_Arbeit&oldid=156007167}}

@inproceedings{Gray1981,
	Author = {Jim Gray},
	Bibsource = {DBLP, http://dblp.uni-trier.de},
	Booktitle = {Very Large Data Bases, 7th International Conference, September 9-11, Cannes, France, Proceedings},
	Ee = {db/conf/vldb/Gray81.html},
	Pages = {144-154},
	Pdf = {http://www.stanford.edu/class/cs240/readings/Gray81.pdf},
	Publisher = {IEEE Computer Society},
	Title = {{The Transaction Concept: Virtues and Limitations}},
	Url = {http://www.stanford.edu/class/cs240/readings/Gray81.pdf},
	Year = {1981},
	Bdsk-Url-1 = {http://www.stanford.edu/class/cs240/readings/Gray81.pdf}}

@book{Cerami2002,
	Author = {Ethan Cerami},
	Editor = {Simon St.Laurent},
	Month = {Februar},
	Publisher = {O'Reilly},
	Title = {{Web Services Essentials}},
	Year = {2002}}
